<record><leader>00000cas a2200000 a 4500</leader><controlfield tag="001">38840861</controlfield><controlfield tag="008">980324d1uuu19uusduwr ne      0   a0eng c</controlfield><datafield ind1=" " ind2=" " tag="010"><subfield code="a">sn 98069010 </subfield></datafield><datafield ind1=" " ind2=" " tag="040"><subfield code="a">SXN</subfield><subfield code="b">eng</subfield><subfield code="c">SXN</subfield><subfield code="d">NVF</subfield><subfield code="d">OCLCQ</subfield><subfield code="d">OCLCF</subfield><subfield code="d">OCLCO</subfield></datafield><datafield ind1=" " ind2=" " tag="042"><subfield code="a">pcc</subfield></datafield><datafield ind1=" " ind2=" " tag="043"><subfield code="a">n-us-sd</subfield></datafield><datafield ind1="0" ind2="4" tag="245"><subfield code="a">The Weekly pioneer times mining review.</subfield></datafield><datafield ind1="1" ind2="3" tag="246"><subfield code="a">Deadwood weekly pioneer times</subfield><subfield code="f">&lt;May 16, 1912&gt;-Oct. 9, 1913</subfield></datafield><datafield ind1=" " ind2=" " tag="260"><subfield code="a">Deadwood, S.D., (Black Hills) :</subfield><subfield code="b">Willis H. Bonham</subfield></datafield><datafield ind1=" " ind2=" " tag="300"><subfield code="a">v.</subfield></datafield><datafield ind1=" " ind2=" " tag="310"><subfield code="a">Weekly</subfield></datafield><datafield ind1=" " ind2=" " tag="500"><subfield code="a">"Established 1876 - The pioneer paper of the Black Hills and Western South Dakota."</subfield></datafield><datafield ind1=" " ind2=" " tag="530"><subfield code="a">Available on microfilm from: State Archives, South Dakota State Historical Society.</subfield></datafield><datafield ind1=" " ind2=" " tag="580"><subfield code="a">Daily ed.: Daily Deadwood pioneer-times, &lt;1912-1914&gt;.</subfield></datafield><datafield ind1=" " ind2=" " tag="588"><subfield code="a">Description based on: 36th year (May 16, 1912).</subfield></datafield><datafield ind1=" " ind2="0" tag="650"><subfield code="a">Gold mines and mining</subfield><subfield code="z">Black Hills (S.D. and Wyo.)</subfield><subfield code="v">Newspapers.</subfield></datafield><datafield ind1=" " ind2="0" tag="651"><subfield code="a">Deadwood (S.D.)</subfield><subfield code="v">Newspapers.</subfield></datafield><datafield ind1=" " ind2="0" tag="651"><subfield code="a">Lawrence County (S.D.)</subfield><subfield code="v">Newspapers.</subfield></datafield><datafield ind1=" " ind2="7" tag="655"><subfield code="a">Newspapers.</subfield><subfield code="2">fast</subfield><subfield code="0">(OCoLC)fst01423814</subfield></datafield><datafield ind1=" " ind2="7" tag="650"><subfield code="a">Gold mines and mining.</subfield><subfield code="2">fast</subfield><subfield code="0">(OCoLC)fst00944469</subfield></datafield><datafield ind1=" " ind2="7" tag="651"><subfield code="a">South Dakota</subfield><subfield code="z">Deadwood.</subfield><subfield code="2">fast</subfield><subfield code="0">(OCoLC)fst01209401</subfield></datafield><datafield ind1=" " ind2="7" tag="651"><subfield code="a">South Dakota</subfield><subfield code="z">Lawrence County.</subfield><subfield code="2">fast</subfield><subfield code="0">(OCoLC)fst01209432</subfield></datafield><datafield ind1=" " ind2="7" tag="651"><subfield code="a">United States</subfield><subfield code="z">Black Hills.</subfield><subfield code="2">fast</subfield><subfield code="0">(OCoLC)fst01310332</subfield></datafield><datafield ind1=" " ind2=" " tag="752"><subfield code="a">United States</subfield><subfield code="b">South Dakota</subfield><subfield code="c">Lawrence</subfield><subfield code="d">Deadwood.</subfield></datafield><datafield ind1="1" ind2=" " tag="775"><subfield code="t">Daily Deadwood pioneer-times</subfield><subfield code="w">(DLC)sn 98069004</subfield><subfield code="w">(OCoLC)38558816</subfield></datafield></record>